<record xmlns="http://www.loc.gov/MARC21/slim" xmlns:xsi="http://www.w3.org/2001/XMLSchema-instance" xsi:schemaLocation="http://www.loc.gov/MARC21/slim http://www.loc.gov/standards/marcxml/schema/MARC21slim.xsd"><leader>03801nam a2200505   4500</leader><controlfield tag="001">1909451</controlfield><controlfield tag="003">NIC</controlfield><controlfield tag="006">m        d        </controlfield><controlfield tag="007">cr cn |||m|||a</controlfield><controlfield tag="008">150116q18801890ua      o     000 0 ara d</controlfield><datafield ind1=" " ind2=" " tag="040"><subfield code="a">NNU</subfield><subfield code="b">eng</subfield><subfield code="e">rda</subfield><subfield code="c">NNU</subfield></datafield><datafield ind1="1" ind2=" " tag="100"><subfield code="6">880-01</subfield><subfield code="a">Makku&#772;di&#772;, &#699;Abd al-Rah&#803;ma&#772;n ibn &#699;Ali&#772;,</subfield><subfield code="d">-1405?</subfield></datafield><datafield ind1="1" ind2="0" tag="245"><subfield code="6">880-02</subfield><subfield code="a">Sharh&#803; al-&#699;alla&#772;mah al-nah&#803;awi&#772; al-muqri&#772; al-lughawi&#772; Abi&#772; Zayd &#699;Abd al-Rah&#803;ma&#772;n ibn &#699;Ali&#772; ibn S&#803;a&#772;lih&#803; al-Makku&#772;di&#772; &#699;ala&#769; Alfi&#772;yat ibn Ma&#772;lik fi&#772; al-nah&#803;w nafa&#699;a Alla&#772;h ta&#699;a&#772;la&#769; bihima&#772; ; wa bi-ha&#772;mishihi H&#803;a&#772;shiyat al-Mallawi&#772; ...</subfield></datafield><datafield ind1=" " ind2=" " tag="260"><subfield code="6">880-03</subfield><subfield code="a">[Mis&#803;r] :</subfield><subfield code="b">[publisher not identified],</subfield><subfield code="c">[188-?]</subfield></datafield><datafield ind1=" " ind2=" " tag="300"><subfield code="a">online resource (252 pages)</subfield></datafield><datafield ind1=" " ind2=" " tag="336"><subfield code="a">text</subfield><subfield code="2">rdacontent</subfield></datafield><datafield ind1=" " ind2=" " tag="337"><subfield code="a">computer</subfield><subfield code="2">rdamedia</subfield></datafield><datafield ind1=" " ind2=" " tag="338"><subfield code="a">online resource</subfield><subfield code="2">rdacarrier</subfield></datafield><datafield ind1=" " ind2=" " tag="500"><subfield code="a">Spine title: Sharh&#803; al-Makku&#772;di&#772; &#699;ala&#769; Alfi&#772;yat Ibn Ma&#772;lik.</subfield></datafield><datafield ind1=" " ind2=" " tag="500"><subfield code="a">Part of the Arabic Collections Online (ACO) project, contributed by Cornell University Libraries.</subfield></datafield><datafield ind1=" " ind2=" " tag="533"><subfield code="a">Electronic reproduction.</subfield><subfield code="b">New York, N.Y. :</subfield><subfield code="c">New York University,</subfield><subfield code="d">2015.</subfield><subfield code="5">NNU</subfield></datafield><datafield ind1="1" ind2="0" tag="600"><subfield code="6">880-04</subfield><subfield code="a">Ibn Ma&#772;lik, Muh&#803;ammad ibn &#699;Abd Alla&#772;h,</subfield><subfield code="d">-1274.</subfield><subfield code="t">Alfi&#772;yah.</subfield></datafield><datafield ind1=" " ind2="0" tag="650"><subfield code="a">Arabic language</subfield><subfield code="x">Grammar</subfield><subfield code="v">Early works to 1800.</subfield></datafield><datafield ind1="0" ind2="7" tag="630"><subfield code="a">Alfi&#772;yah (Ibn Ma&#772;lik, Muh&#803;ammad ibn &#699;Abd Alla&#772;h)</subfield><subfield code="2">fast</subfield><subfield code="0">(OCoLC)fst01360506</subfield></datafield><datafield ind1=" " ind2="7" tag="650"><subfield code="a">Arabic language</subfield><subfield code="x">Grammar.</subfield><subfield code="2">fast</subfield><subfield code="0">(OCoLC)fst00812341</subfield></datafield><datafield ind1=" " ind2="7" tag="655"><subfield code="a">Early works.</subfield><subfield code="2">fast</subfield><subfield code="0">(OCoLC)fst01411636</subfield></datafield><datafield ind1="1" ind2=" " tag="700"><subfield code="6">880-05</subfield><subfield code="a">Mallawi&#772;, Ah&#803;mad ibn &#699;Abd al-Fatta&#772;h&#803;,</subfield><subfield code="d">1677-1767 or 1768.</subfield></datafield><datafield ind1="2" ind2=" " tag="710"><subfield code="a">Cornell University.</subfield><subfield code="b">Libraries.</subfield></datafield><datafield ind1="0" ind2=" " tag="730"><subfield code="a">Arabic Collections Online.</subfield></datafield><datafield ind1="0" ind2=" " tag="740"><subfield code="6">880-06</subfield><subfield code="a">Sharh&#803; al-Makku&#772;di&#772; &#699;ala&#769; alfi&#772;yat Ibn Ma&#772;lik.</subfield></datafield><datafield ind1="0" ind2=" " tag="740"><subfield code="6">880-07</subfield><subfield code="a">Sharh&#803; Abi&#772; Zayd &#699;Abd al-Ram&#803;a&#772;n ibn Abi&#772; S&#803;a&#772;lih&#803; al-Makku&#772;di&#772; &#699;ala&#769; Alfi&#772;yat Ibn Mal&#772;ik fi&#772; al-Nah&#803;w.</subfield></datafield><datafield ind1="0" ind2=" " tag="740"><subfield code="6">880-08</subfield><subfield code="a">Alfi&#772;yat ibn Ma&#772;lik fi&#772; al-nah&#803;w.</subfield></datafield><datafield ind1="0" ind2="8" tag="776"><subfield code="i">Online version:</subfield><subfield code="a">Makku&#772;di&#772;, &#699;Abd al-Rah&#803;ma&#772;n ibn &#699;Ali&#772;, -1405?</subfield><subfield code="t">Sharh&#803; al-&#699;alla&#772;mah al-nah&#803;awi&#772; al-muqri&#772; al-lughawi&#772; Abi&#772; Zayd &#699;Abd al-Rah&#803;ma&#772;n ibn &#699;Ali&#772; ibn S&#803;a&#772;lih&#803; al-Makku&#772;di&#772; &#699;ala&#769; Alfi&#772;yat ibn Ma&#772;lik fi&#772; al-nah&#803;w nafa&#699;a Alla&#772;h ta&#699;a&#772;la&#769; bihima&#772; ; wa bi-ha&#772;mishihi H&#803;a&#772;shiyat al-Mallawi&#772;.</subfield><subfield code="d">[Egypt : s.n., 188-?]</subfield><subfield code="w">(OCoLC)852776228</subfield></datafield><datafield ind1="0" ind2="8" tag="776"><subfield code="i">Print version:</subfield><subfield code="a">Makku&#772;di&#772;, &#699;Abd al-Rah&#803;ma&#772;n ibn &#699;Ali&#772;, -1405?</subfield><subfield code="t">Sharh&#803; al-&#699;alla&#772;mah al-nah&#803;awi&#772; al-muqri&#772; al-lughawi&#772; Abi&#772; Zayd &#699;Abd al-Rah&#803;ma&#772;n ibn &#699;Ali&#772; ibn S&#803;a&#772;lih&#803; al-Makku&#772;di&#772; &#699;ala&#769; Alfi&#772;yat ibn Ma&#772;lik fi&#772; al-nah&#803;w nafa&#699;a Alla&#772;h ta&#699;a&#772;la&#769; bihima&#772; ; wa bi-ha&#772;mishihi H&#803;a&#772;shiyat al-Mallawi&#772;</subfield><subfield code="w">(NIC)1909451</subfield><subfield code="w">(OCoLC)64680441</subfield></datafield><datafield ind1="4" ind2="0" tag="856"><subfield code="u">http://hdl.handle.net/2333.1/r7sqvd2s</subfield></datafield><datafield ind1="1" ind2=" " tag="880"><subfield code="6">100-01/r</subfield><subfield code="a">&#1605;&#1603;&#1608;&#1583;&#1610;&#1548; &#1593;&#1576;&#1583; &#1575;&#1604;&#1585;&#1581;&#1605;&#1606; &#1576;&#1606; &#1593;&#1604;&#1610;&#1548;</subfield><subfield code="d">-1405?</subfield></datafield><datafield ind1="1" ind2="0" tag="880"><subfield code="6">245-02/r</subfield><subfield code="a">&#1588;&#1585;&#1581; &#1575;&#1604;&#1593;&#1604;&#1575;&#1605;&#1577; &#1575;&#1604;&#1606;&#1581;&#1608;&#1610; &#1575;&#1604;&#1605;&#1602;&#1585;&#1610; &#1575;&#1604;&#1604;&#1594;&#1608;&#1610; &#1575;&#1576;&#1610; &#1586;&#1610;&#1583; &#1593;&#1576;&#1583; &#1575;&#1604;&#1585;&#1581;&#1605;&#1606; &#1576;&#1606; &#1593;&#1604;&#1610; &#1576;&#1606; &#1589;&#1575;&#1604;&#1607; &#1575;&#1604;&#1605;&#1603;&#1608;&#1583;&#1610; &#1593;&#1604;&#1609; &#1575;&#1604;&#1601;&#1610;&#1577; &#1576;&#1606; &#1605;&#1575;&#1604; &#1601;&#1610; &#1575;&#1604;&#1606;&#1581;&#1608; &#1606;&#1601;&#1593; &#1575;&#1604;&#1604;&#1607; &#1578;&#1593;&#1575;&#1604;&#1609; &#1576;&#1607;&#1605;&#1575; &#1563; &#1608; &#1576;&#1607;&#1575;&#1605;&#1588;&#1607; &#1581;&#1575;&#1588;&#1610;&#1577; &#1575;&#1604;&#1605;&#1604;&#1608;&#1610; ...</subfield></datafield><datafield ind1=" " ind2=" " tag="880"><subfield code="6">260-03/r</subfield><subfield code="a">[&#1605;&#1589;&#1585;] :</subfield><subfield code="b">[publisher not identified],</subfield><subfield code="c">[188&#1567;]</subfield></datafield><datafield ind1="1" ind2="4" tag="880"><subfield code="6">600-04/r</subfield><subfield code="a">&#1575;&#1576;&#1606; &#1605;&#1575;&#1604;&#1548; &#1605;&#1581;&#1605;&#1583; &#1576;&#1606; &#1593;&#1576;&#1583; &#1575;&#1604;&#1604;&#1607;&#1548;</subfield><subfield code="d">1274-.</subfield><subfield code="t">&#1575;&#1604;&#1601;&#1610;&#1577;.</subfield></datafield><datafield ind1="1" ind2=" " tag="880"><subfield code="6">700-05/r</subfield><subfield code="a">&#1605;&#1604;&#1608;&#1610;&#1548; &#1575;&#1581;&#1605;&#1583; &#1576;&#1606; &#1593;&#1576;&#1583; &#1575;&#1604;&#1601;&#1578;&#1575;&#1581;&#1548;</subfield><subfield code="d">1677-1767 or 1768.</subfield></datafield><datafield ind1="0" ind2=" " tag="880"><subfield code="6">740-06/r</subfield><subfield code="a">&#1588;&#1585;&#1581; &#1575;&#1604;&#1605;&#1603;&#1608;&#1583;&#1610; &#1593;&#1604;&#1609; &#1575;&#1604;&#1601;&#1610;&#1577; &#1575;&#1576;&#1606; &#1605;&#1575;&#1604;&#1603;.</subfield></datafield><datafield ind1="0" ind2=" " tag="880"><subfield code="6">740-07/r</subfield><subfield code="a">&#1588;&#1585;&#1581; &#1575;&#1576;&#1610; &#1586;&#1610;&#1583; &#1593;&#1576;&#1583; &#1575;&#1604;&#1585;&#1605;&#1575;&#1606; &#1576;&#1606; &#1575;&#1576;&#1610; &#1589;&#1575;&#1604;&#1581; &#1575;&#1604;&#1605;&#1603;&#1608;&#1583;&#1610; &#1593;&#1604;&#1609; &#1575;&#1604;&#1601;&#1610;&#1577; &#1575;&#1576;&#1606; &#1605;&#1575;&#1604;&#1603; &#1601;&#1610; &#1575;&#1604;&#1606;&#1581;&#1608;.</subfield></datafield><datafield ind1="0" ind2=" " tag="880"><subfield code="6">740-08/r</subfield><subfield code="a">&#1575;&#1604;&#1601;&#1610;&#1577; &#1576;&#1606; &#1605;&#1575;&#1604;&#1603; &#1601;&#1610; &#1575;&#1604;&#1606;&#1581;&#1608;.</subfield></datafield><datafield ind1=" " ind2=" " tag="959"><subfield code="a">NNU</subfield><subfield code="b">WEB</subfield><subfield code="c">GENI</subfield><subfield code="t">0</subfield><subfield code="m">Electronic access</subfield><subfield code="s">01</subfield></datafield><datafield ind1=" " ind2=" " tag="999"><subfield code="i">NIC_1909451</subfield><subfield code="o">(OCoLC)ocm64680441</subfield></datafield></record>